@article{lee2015autonomous,
  title={Autonomous framework for segmenting robot trajectories of manipulation task},
  author={Lee, Sang Hyoung and Suh, Il Hong and Calinon, Sylvain and Johansson, Rolf},
  journal={Autonomous Robots},
  volume={38},
  number={2},
  year={2015},
  pages={107--141},
  publisher={Springer}
}

@inproceedings{van2010superhuman,
  title={Superhuman performance of surgical tasks by robots using iterative learning from human-guided demonstrations},
  author={Van Den Berg, Jur and Miller, Stephen and Duckworth, Daniel and Hu, Humphrey and Wan, Andrew and Fu, Xiao-Yu and Goldberg, Ken and Abbeel, Pieter},
  booktitle={Robotics and Automation (ICRA), 2010 IEEE International Conference on},
  pages={2074--2081},
  year={2010},
  organization={IEEE}
}

@inproceedings{meier2011movement,
  title={Movement segmentation using a primitive library},
  author={Meier, Franziska and Theodorou, Evangelos and Stulp, Freek and Schaal, Stefan},
  booktitle={Intelligent Robots and Systems (IROS), 2011 IEEE/RSJ International Conference on},
  pages={3407--3412},
  year={2011},
  organization={IEEE}
}

@inproceedings{lioutikov2015probabilistic,
  title={Probabilistic segmentation applied to an assembly task},
  author={Lioutikov, Rudolf and Neumann, Gerhard and Maeda, Guilherme and Peters, Jan},
  booktitle={Humanoid Robots (Humanoids), 2015 IEEE-RAS 15th International Conference on},
  pages={533--540},
  year={2015},
  organization={IEEE}
}

@inproceedings{chiappa2010movement,
  title={Movement extraction by detecting dynamics switches and repetitions},
  author={Chiappa, Silvia and Peters, Jan R},
  booktitle={Advances in neural information processing systems},
  pages={388--396},
  year={2010}
}

@inproceedings{wachter2015hierarchical,
  title={Hierarchical segmentation of manipulation actions based on object relations and motion characteristics},
  author={W{\"a}chter, Mirko and Asfour, Tamim},
  booktitle={Advanced Robotics (ICAR), 2015 International Conference on},
  pages={549--556},
  year={2015},
  organization={IEEE}
}

@article{kleinsmith2013affective,
  title={Affective body expression perception and recognition: A survey},
  author={Kleinsmith, Andrea and Bianchi-Berthouze, Nadia},
  journal={IEEE Transactions on Affective Computing},
  volume={4},
  number={1},
  pages={15--33},
  year={2013},
  publisher={IEEE}
}

@inproceedings{alvarez2010switched,
  title={Switched latent force models for movement segmentation},
  author={Alvarez, Mauricio and Peters, Jan R and Lawrence, Neil D and Sch{\"o}lkopf, Bernhard},
  booktitle={Advances in neural information processing systems},
  pages={55--63},
  year={2010}
}

@inproceedings{barbivc2004segmenting,
  title={Segmenting motion capture data into distinct behaviors},
  author={Barbi{\v{c}}, Jernej and Safonova, Alla and Pan, Jia-Yu and Faloutsos, Christos and Hodgins, Jessica K and Pollard, Nancy S},
  booktitle={Proceedings of Graphics Interface 2004},
  pages={185--194},
  year={2004},
  organization={Canadian Human-Computer Communications Society}
}

@inproceedings{DBLP:conf/icra/KrugerTNS12,
  author    = {Volker Kr{\"{u}}ger and
               Vadim Tikhanoff and
               Lorenzo Natale and
               Giulio Sandini},
  title     = {Imitation learning of non-linear point-to-point robot motions using
               dirichlet processes},
  booktitle = {{IEEE} International Conference on Robotics and Automation, {ICRA}
               2012, 14-18 May, 2012, St. Paul, Minnesota, {USA}},
  pages     = {2029--2034},
  year      = {2012},
  crossref  = {DBLP:conf/icra/2012},
  timestamp = {Thu, 19 Jul 2012 11:19:29 +0200},
  biburl    = {http://dblp.uni-trier.de/rec/bib/conf/icra/KrugerTNS12},
  bibsource = {dblp computer science bibliography, http://dblp.org}
}

@article{DBLP:journals/ar/SanmohanKKK11,
  author    = {San Mohan and
               Volker Kr{\"{u}}ger and
               Danica Kragic and
               Hedvig Kjellstr{\"{o}}m},
  title     = {Primitive-Based Action Representation and Recognition},
  journal   = {Advanced Robotics},
  volume    = {25},
  number    = {6-7},
  pages     = {871--891},
  year      = {2011},
  timestamp = {Wed, 26 Oct 2011 07:51:10 +0200},
  biburl    = {http://dblp.uni-trier.de/rec/bib/journals/ar/SanmohanKKK11},
  bibsource = {dblp computer science bibliography, http://dblp.org}
}